@article{karac2018we,
  https://ieeexplore.ieee.org/abstract/document/8405634?casa_token=gPdQ0KtNWVIAAAAA:GSQ8y9a4j-Fk3WIuOmks3VFQJo-pp8Y_5_Cd8qz2oAPEfXfJlAGNVOaTEkUpSZBPVx7EnD5T
  title={What do we (really) know about test-driven development?},
  author={Karac, Itir and Turhan, Burak},
  journal={IEEE Software},
  volume={35},
  number={4},
  pages={81--85},
  year={2018},
  publisher={IEEE}
}


@inproceedings{bhat2006evaluating,
  https://dl.acm.org/doi/abs/10.1145/1159733.1159787?casa_token=haHoirnJexAAAAAA:G_4tCFxmJOSIrI-3Yh6LcPPWDMq470XUo3Inc1OT7ykfwr5LXLRpcEVwQm0HfTaopcNYrGzarRYO
  title={Evaluating the efficacy of test-driven development: industrial case studies},
  author={Bhat, Thirumalesh and Nagappan, Nachiappan},
  booktitle={Proceedings of the 2006 ACM/IEEE international symposium on Empirical software engineering},
  pages={356--363},
  year={2006}
}


@article{janzen2008does,
  https://ieeexplore.ieee.org/abstract/document/4455636?casa_token=x1Ss798hNhwAAAAA:AkxcTQbub7fXt3XxKn_jkyFPuQkiSM5_QDMx_doF4sAb_40Zotc3lrA02dwpTqBbO4KSNJlz
  title={Does test-driven development really improve software design quality?},
  author={Janzen, David and Saiedian, Hossein},
  journal={Ieee Software},
  volume={25},
  number={2},
  pages={77--84},
  year={2008},
  publisher={IEEE}
}

@inproceedings{williams2003test,
  https://ieeexplore.ieee.org/abstract/document/1251029?casa_token=FH5RuOFBeMkAAAAA:Y4MavNfjkm52FuoRXuGl1JqyaSMp47x5E8C10kU5kv220voC3eC8BINPv060EMlGt2R1EIf-
  title={Test-driven development as a defect-reduction practice},
  author={Williams, Laurie and Maximilien, E Michael and Vouk, Mladen},
  booktitle={14th International Symposium on Software Reliability Engineering, 2003. ISSRE 2003.},
  pages={34--45},
  year={2003},
  organization={IEEE}
}

@inproceedings{politowski2021survey,
  https://ieeexplore.ieee.org/abstract/document/9463010?casa_token=5XXNeM3kDPoAAAAA:hIqrM8-d6JuqIZUTWImcwOPiGLMED6qx7zg1EWtY-PIo5eH70n04_dr_9Ob_W9Ln_QKYo7mb
  title={A Survey of Video Game Testing},
  author={Politowski, Cristiano and Petrillo, Fabio and Gu{\'e}h{\'e}neuc, Yann-Ga{\"e}l},
  booktitle={2021 IEEE/ACM International Conference on Automation of Software Test (AST)},
  pages={90--99},
  year={2021},
  organization={IEEE}
}


@article{ariyurek2019automated,
  https://ieeexplore.ieee.org/abstract/document/8869824?casa_token=yV3QMPW0IiEAAAAA:pvUb8ib340f5mCCVbNP1nfpyebKskdNeaDot1ULwMsTsYxvguqMENVAJ-zG_Aj-EKo10l1hT
  title={Automated video game testing using synthetic and humanlike agents},
  author={Ariyurek, Sinan and Betin-Can, Aysu and Surer, Elif},
  journal={IEEE Transactions on Games},
  volume={13},
  number={1},
  pages={50--67},
  year={2019},
  publisher={IEEE}
}

@article{albaghajati2020video,
  https://ieeexplore.ieee.org/abstract/document/9234724?casa_token=S5bX-q1AwZoAAAAA:AXc4H4SPq72QdbStdFYSZ7rWWSO0advde62-l8Oz-rOHVmAIRGvee6_nyiq94isZnfnyHX9U
  title={Video Game Automated Testing Approaches: An Assessment Framework},
  author={Albaghajati, Aghyad Mohammad and Ahmed, Moataz Aly Kamaleldin},
  journal={IEEE Transactions on Games},
  year={2020},
  publisher={IEEE}
}

@article{rakshith2020comprehensive,
  title={A Comprehensive Study on Automation Testing using JUnit},
  author={Rakshith, DC and Manjunath, AE},
  year={2020},
  journal={International Research Journal of Engineering and Technology},
  publisher={IRJET},
  volume={7},
  number={7},
  pages={2388--2392}
}


@book{Huizinga2007,
  address = {Hoboken, New Jersey},
  booktitle = {Automated defect prevention : best practices in software management},
  isbn = {1-281-03229-8},
  keywords = {Software failures -- Prevention -- Data processing},
  language = {eng},
  lccn = {2007002342},
  publisher = {Wiley-Interscience},
  title = {Automated defect prevention : best practices in software management },
  year = {2015 - 2007},
  abstract = {Improve Productivity by Integrating Automation and Defect Prevention into Your Software Development ProcessThis book presents an approach to software management based on a new methodology called Automated Defect Prevention (ADP). The authors describe how to establish an infrastructure that functions as a software "production line" that automates repetitive tasks, organizes project activities, tracks project status, seamlessly collects project data, and sustains and facilitates the improvement of human-defined processes. Well-grounded in software engineering research and in industry best practices, this book helps organizations gain dramatic improvement in both product quality and operational effectiveness.Ideal for industry professionals and project managers, as well as upper-level undergraduates and graduate-level students in software engineering, Automated Defect Prevention is complete with figures that illustrate how to structure projects and contains real-world examples, developers' testimonies, and tips on how to implement defect prevention strategies across a project group.},
  author = {Huizinga, Dorota.},
}


@article{tseitlin2013antifragile,
  https://dl.acm.org/doi/pdf/10.1145/2492007.2492022?casa_token=g9b4GfYAqOkAAAAA:C1h_7VxutthFGa5eex9yUQht7DGlZTE1-KXLkVXpnF74WoGORLEjbtkkOm-NNenWHQLKeLqCIGAO
  title={The antifragile organization},
  author={Tseitlin, Ariel},
  journal={Communications of the ACM},
  volume={56},
  number={8},
  pages={40--44},
  year={2013},
  publisher={ACM New York, NY, USA}
}
